
@article{hoelzl2016mdp,
  author   = {Johannes H{\"o}lzl},
  title    = {{Markov} chains and {Markov} decision processes in {Isabelle/HOL}},
  note     = {Submitted to JAR in December 2015 (\url{http://in.tum.de/~hoelzl/mdptheory})}
}

@phdthesis{hoelzl2013thesis,
  author   = {Johannes H{\"o}lzl},
  title    = {Construction and Stochastic Applications of Measure Spaces in Higher-Order Logic},
  school   = {Technische Universit{\"a}t M{\"u}nchen},
  year     = {2013}
}

@inproceedings{hoelzl2012casestudies,
  author    = {H{\"o}lzl, Johannes and Nipkow, Tobias},
  title     = {Interactive verification of {Markov} chains: {Two} distributed protocol case studies},
  booktitle = {QFM 2012},
  series    = {EPTCS},
  year      = {2012},
  volume    = {103}
}

@inproceedings{kaminski2016ert,
  author    = {Benjamin Lucien Kaminski and Joost{-}Pieter Katoen and Christoph Matheja and Federico Olmedo},
  title     = {Weakest Precondition Reasoning for Expected Run-Times of Probabilistic Programs},
  booktitle = {ESOP 2016},
  series    = {LNCS},
  volume    = {9632},
  pages     = {364--389},
  year      = {2016}
}

@article{kaminski2016ert-ext,
   author    = {Benjamin Lucien Kaminski and Joost{-}Pieter Katoen and Christoph Matheja and Federico Olmedo},
   title     = {Weakest Precondition Reasoning for Expected Run-Times of Probabilistic Programs},
   journal   = {CoRR},
   volume    = {abs/1601.01001v1},
   year      = {2016},
   url       = {http://arxiv.org/abs/1601.01001},
   note      = {(Extended version)}
}


@book{mciver2004arp,
  author       = {Annabelle McIver and Carroll Morgan},
  title        = {Abstraction, Refinement and Proof for Probabilistic Systems},
  series       = {Monographs in Computer Science},
  year         = {2004},
  publisher    = {Springer}
}

@incollection{audebaud2009randomizedalgos,
  author       = {Philippe Audebaud and Christine Paulin-Mohring},
  title        = {Proofs of randomized algorithms in {Coq}},
  booktitle    = {Special Issue on MPC 2006},
  series       = {Science of Computer Programming},
  volume       = {74},
  number       = {8},
  pages        = {568--589}
}

@article{hurd2005pgcl,
  author       = {Joe Hurd and Annabelle McIver and Carroll Morgan},
  title        = {Probabilistic Guarded Commands Mechanized in {HOL}},
  journal      = {Theoretical Computer Science},
  volume       = {346},
  number       = {1},
  month        = {Nov},
  year         = {2005},
  pages        = {96--112}
}

@inproceedings{cock2012pgcl,
  author    = {David Cock},
  title     = {Verifying Probabilistic Correctness in {Isabelle} with {pGCL}},
  booktitle = {SSV 2012},
  year      = {2012},
  pages     = {167--178},
  series    = {EPTCS},
  volume    = {102}
}

@phdthesis{hurd2002thesis,
  author       = {Joe Hurd},
  title        = {Formal Verification of Probabilistic Algorithms},
  year         = {2002}
}

@article{gretz2014pgclsem,
  author    = {Friedrich Gretz and Joost{-}Pieter Katoen and Annabelle McIver},
  title     = {Operational versus weakest pre-expectation semantics for the probabilistic guarded command language},
  journal   = {Performance Evaluation},
  volume    = {73},
  pages     = {110--132},
  year      = {2014}
}

@book{davey2002lattices,
  author       = {B. A. Davey and H. A. Priestley},
  title        = {Introduction to Lattices and Order},
  edition      = {second},
  year         = {2002},
  publisher    = {Cambridge University Press}
}

@inproceedings{backhouse2000fixedpoints,
  author    = {Roland Carl Backhouse},
  title     = {Galois Connections and Fixed Point Calculus},
  editor    = {Roland Carl Backhouse and Roy L. Crole and Jeremy Gibbons},
  booktitle = {Algebraic and Coalgebraic Methods in the Mathematics of Program Construction},
  pages     = {89--148},
  year      = {2000},
  series    = {LNCS},
  volume    = {2297}
}

@inproceedings{lochbihler2016proboracles,
  author    = {Andreas Lochbihler},
  title     = {Probabilistic Functions and Cryptographic Oracles in Higher Order Logic},
  booktitle = {{ESOP} 2016},
  series    = {LNCS},
  volume    = {9632},
  pages     = {503--531},
  publisher = {Springer},
  year      = {2016}
}

