 
 @inproceedings{kaminskiESOP16,
  title={Weakest precondition reasoning for expected run--times of probabilistic programs},
  author={Kaminski, Benjamin Lucien and Katoen, Joost-Pieter and Matheja, Christoph and Olmedo, Federico},
  booktitle={European Symposium on Programming},
  pages={364--389},
  year={2016},
  organization={Springer}
}

@inproceedings{olmedo2016,
  title={Reasoning about recursive probabilistic programs},
  author={Olmedo, Federico and Kaminski, Benjamin Lucien and Katoen, Joost-Pieter and Matheja, Christoph},
  booktitle={2016 31st Annual ACM/IEEE Symposium on Logic in Computer Science (LICS)},
  pages={1--10},
  year={2016},
  organization={IEEE}
}

@InProceedings{hoelzlITP16,
author="H{\"o}lzl, Johannes",
editor="Blanchette, Jasmin Christian
and Merz, Stephan",
title="Formalising Semantics for Expected Running Time of Probabilistic Programs",
booktitle="Interactive Theorem Proving",
year="2016",
publisher="Springer International Publishing",
address="Cham",
pages="475--482",
abstract="We formalise two semantics observing the expected running time of pGCL programs. The first semantics is a denotational semantics providing a direct computation of the running time, similar to the weakest pre-expectation transformer. The second semantics interprets a pGCL program in terms of a Markov decision process (MDPs), i.e.Â it provides an operational semantics. Finally we show the equivalence of both running time semantics.",
isbn="978-3-319-43144-4"
}

@inproceedings{batzESOP18,
  title={How long, O Bayesian network, will I sample thee?},
  author={Batz, Kevin and Kaminski, Benjamin Lucien and Katoen, Joost-Pieter and Matheja, Christoph},
  booktitle={European Symposium on Programming},
  pages={186--213},
  year={2018},
  organization={Springer}
}

@article{ngo2018bounded,
  title={Bounded expectations: resource analysis for probabilistic programs},
  author={Ngo, Van Chan and Carbonneaux, Quentin and Hoffmann, Jan},
  journal={ACM SIGPLAN Notices},
  volume={53},
  number={4},
  pages={496--512},
  year={2018},
  publisher={ACM New York, NY, USA}
}

 

